@article{yaffe2011probabilistic,
  title={{Probabilistic modeling of Hi-C contact maps eliminates systematic biases to characterize global chromosomal architecture}},
  author={Yaffe, Eitan and Tanay, Amos},
  journal={Nature genetics},
  volume={43},
  number={11},
  pages={1059--1065},
  year={2011},
  publisher={Nature Publishing Group}
}

@article{lieberman2009comprehensive,
	title={{Comprehensive mapping of long-range interactions reveals folding principles of the human genome}},
	author={Lieberman-Aiden, Erez and Van Berkum, Nynke L and Williams, Louise and Imakaev, Maxim and Ragoczy, Tobias and Telling, Agnes and Amit, Ido and Lajoie, Bryan R and Sabo, Peter J and Dorschner, Michael O and others},
	journal={science},
	volume={326},
	number={5950},
	pages={289--293},
	year={2009},
	publisher={American Association for the Advancement of Science}
}

@article{hu2012hicnorm,
	title={{HiCNorm: removing biases in Hi-C data via Poisson regression}},
	author={Hu, Ming and Deng, Ke and Selvaraj, Siddarth and Qin, Zhaohui and Ren, Bing and Liu, Jun S},
	journal={Bioinformatics},
	volume={28},
	number={23},
	pages={3131--3133},
	year={2012},
	publisher={Oxford Univ Press}
}

@article{imakaev2012iterative,
	title={{Iterative correction of Hi-C data reveals hallmarks of chromosome organization}},
	author={Imakaev, Maxim and Fudenberg, Geoffrey and McCord, Rachel Patton and Naumova, Natalia and Goloborodko, Anton and Lajoie, Bryan R and Dekker, Job and Mirny, Leonid A},
	journal={Nature methods},
	volume={9},
	number={10},
	pages={999--1003},
	year={2012},
	publisher={Nature Publishing Group}
}

@article{wu2016computational,
	title={{A computational strategy to adjust for copy number in tumor Hi-C data}},
	author={Wu, Hua-Jun and Michor, Franziska},
	journal={Bioinformatics},
	pages={btw540},
	year={2016},
	volume={},
	publisher={Oxford Univ Press}
}

@article{schmitt2016genome,
	title={{Genome-wide mapping and analysis of chromosome architecture}},
	author={Schmitt, Anthony D and Hu, Ming and Ren, Bing},
	journal={Nature Reviews Molecular Cell Biology},
	year={2016},
	volume={},
	publisher={Nature Research}
}

@article{wood2003thin,
	title={{Thin plate regression splines}},
	author={Wood, Simon N},
	journal={Journal of the Royal Statistical Society: Series B (Statistical Methodology)},
	volume={65},
	number={1},
	pages={95--114},
	year={2003},
	publisher={Wiley Online Library}
}

@article{wood2011fast,
	title={{Fast stable restricted maximum likelihood and marginal likelihood estimation of semiparametric generalized linear models}},
	author={Wood, Simon N},
	journal={Journal of the Royal Statistical Society: Series B (Statistical Methodology)},
	volume={73},
	number={1},
	pages={3--36},
	year={2011},
	publisher={Wiley Online Library}
}

@Manual{coreteam2014r,
  	title = {{R: A Language and Environment for Statistical Computing}},
  	author = {{R Core Team}},
  	organization = {R Foundation for Statistical Computing},
  	address = {Vienna, Austria},
  	year = {2017},
  	url = {https://www.R-project.org/},
  }


@article{yang2017hicrep,
	title = {{HiCRep}: assessing the reproducibility of {Hi}-{C} data using a stratum-adjusted correlation coefficient},
	volume = {27},
	issn = {1549-5469},
	shorttitle = {{HiCRep}},
	doi = {10.1101/gr.220640.117},
	language = {eng},
	number = {11},
	journal = {Genome Research},
	author = {Yang, Tao and Zhang, Feipeng and Yardımcı, Galip Gürkan and Song, Fan and Hardison, Ross C. and Noble, William Stafford and Yue, Feng and Li, Qunhua},
	month = nov,
	year = {2017},
	pmid = {28855260},
	pmcid = {PMC5668950},
	pages = {1939--1949}
}

@article{yan2017hicspector,
	Author="Yan, K. K.  and Gurkan Yardimci, G.  and Yan, C.  and Noble, W. S.  and Gerstein, M. ",
	Title="{{{H}i{C}-{S}pector: {A} matrix library for spectral and reproducibility analysis of {H}i-{C} contact maps}}",
	Journal="Bioinformatics",
	volume = {},
	Year="2017",
	Month="Mar"
}

@article{bates2015lme4,
   	title = {{Fitting Linear Mixed-Effects Models Using {lme4}}},
   	author = {Douglas Bates and Martin M{\"a}chler and Ben Bolker and Steve Walker},
   	journal = {Journal of Statistical Software},
   	year = {2015},
   	volume = {67},
   	number = {1},
   	pages = {1--48},
   	doi = {10.18637/jss.v067.i01},
   }

@article{sing2005rocr,
   	entry = {article},
   	title = {{ROCR: visualizing classifier performance in R}},
   	author = {T. Sing and O. Sander and N. Beerenwinkel and T. Lengauer},
   	year = {2005},
   	journal = {Bioinformatics},
   	volume = {21},
   	number = {20},
   	pages = {7881},
   	url = {http://rocr.bioinf.mpi-sb.mpg.de},
   }
   
@article{forbes2010cosmic,
	title={{COSMIC: mining complete cancer genomes in the Catalogue of Somatic Mutations in Cancer}},
	author={Forbes, Simon A and Bindal, Nidhi and Bamford, Sally and Cole, Charlotte and Kok, Chai Yin and Beare, David and Jia, Mingming and Shepherd, Rebecca and Leung, Kenric and Menzies, Andrew and others},
	journal={Nucleic acids research},
	pages={gkq929},
	year={2010},
   	volume = {},
	publisher={Oxford Univ Press}
}


@article{rao20143d,
	title={{A 3D map of the human genome at kilobase resolution reveals principles of chromatin looping}},
	author={Rao, Suhas SP and Huntley, Miriam H and Durand, Neva C and Stamenova, Elena K and Bochkov, Ivan D and Robinson, James T and Sanborn, Adrian L and Machol, Ido and Omer, Arina D and Lander, Eric S and others},
	journal={Cell},
	volume={159},
	number={7},
	pages={1665--1680},
	year={2014},
	publisher={Elsevier}
}

@article{servant2012hitc,
	title={{HiTC: exploration of high-throughput ‘C’experiments}},
	author={Servant, Nicolas and Lajoie, Bryan R and Nora, Elph{\`e}ge P and Giorgetti, Luca and Chen, Chong-Jian and Heard, Edith and Dekker, Job and Barillot, Emmanuel},
	journal={Bioinformatics},
	volume={28},
	number={21},
	pages={2843--2844},
	year={2012},
	publisher={Oxford Univ Press}
}

@article{stadhouders2018transcription,
author={Stadhouders, Ralph
and Vidal, Enrique
and Serra, Fran{\c{c}}ois
and Di Stefano, Bruno
and Le Dily, Fran{\c{c}}ois
and Quilez, Javier
and Gomez, Antonio
and Collombet, Samuel
and Berenguer, Clara
and Cuartero, Yasmina
and Hecht, Jochen
and Filion, Guillaume J.
and Beato, Miguel
and Marti-Renom, Marc A.
and Graf, Thomas},
title={Transcription factors orchestrate dynamic interplay between genome topology and gene regulation during cell reprogramming},
journal={Nature Genetics},
year={2018},
  volume={13}
}

@article{quilez2017managing,
  title={Parallel sequencing lives, or what makes large sequencing projects successful},
  author={Quilez, Javier and Vidal, Enrique and Dily, Fran{\c{c}}ois Le and Serra, Fran{\c{c}}ois and Cuartero, Yasmina and Stadhouders, Ralph and Graf, Thomas and Marti-Renom, Marc A and Beato, Miguel and Filion, Guillaume},
  journal={GigaScience},
  volume={},
  year={2017}
}

@article{serra2016structural,
  title={Automatic analysis and 3D-modelling of Hi-C data using TADbit reveals structural features of the fly chromatin colors},
  author={Serra, Fran{\c{c}}ois and Ba{\`u}, Davide and Goodstadt, Mike and Castillo, David and Filion, Guillaume J and Marti-Renom, Marc A},
  journal={PLoS computational biology},
  volume={13},
  number={7},
  pages={e1005665},
  year={2017},
  publisher={Public Library of Science}
}

@article{ledily2014distinct,
title={{Distinct structural transitions of chromatin topological domains correlate with coordinated hormone-induced gene regulation}},
author={Le Dily, Fran{\c{c}}ois and Ba{\`u}, Davide and Pohl, Andy and Vicent, Guillermo P and Serra, Fran{\c{c}}ois and Soronellas, Daniel and Castellano, Giancarlo and Wright, Roni HG and Ballare, Cecilia and Filion, Guillaume and others},
journal={Genes \& development},
volume={28},
number={19},
pages={2151--2162},
year={2014},
publisher={Cold Spring Harbor Lab}
}

@article{encode2012integrated,
	title={{An integrated encyclopedia of DNA elements in the human genome}},
	author={{ENCODE Project Consortium}},
	journal={Nature},
	volume={489},
	number={7414},
	pages={57--74},
	year={2012},
	publisher={Nature Publishing Group}
}

@article{lin2012global,
	title={{Global changes in the nuclear positioning of genes and intra-and interdomain genomic interactions that orchestrate B cell fate}},
	author={Lin, Yin C and Benner, Christopher and Mansson, Robert and Heinz, Sven and Miyazaki, Kazuko and Miyazaki, Masaki and Chandra, Vivek and Bossen, Claudia and Glass, Christopher K and Murre, Cornelis},
	journal={Nature immunology},
	volume={13},
	number={12},
	pages={1196--1204},
	year={2012},
	publisher={Nature Publishing Group}
}

@article{dixon2012topological,
	title={{Topological domains in mammalian genomes identified by analysis of chromatin interactions}},
	author={Dixon, Jesse R and Selvaraj, Siddarth and Yue, Feng and Kim, Audrey and Li, Yan and Shen, Yin and Hu, Ming and Liu, Jun S and Ren, Bing},
	journal={Nature},
	volume={485},
	number={7398},
	pages={376--380},
	year={2012},
	publisher={Nature Research}
}

@article{de2012decade,
  title={{A decade of 3C technologies: insights into nuclear organization}},
  author={de Wit, Elzo and de Laat, Wouter},
  journal={Genes \& development},
  volume={26},
  number={1},
  pages={11--24},
  year={2012},
  publisher={Cold Spring Harbor Lab}
}

@article{korbel2013genome,
  title={{Genome assembly and haplotyping with Hi-C}},
  author={Korbel, Jan O and Lee, Charles},
  journal={Nature biotechnology},
  volume={31},
  number={12},
  pages={1099},
  year={2013},
  publisher={Nature Publishing Group}
}

@article{rowley2016three,
  title={{The three-dimensional genome: principles and roles of long-distance interactions}},
  author={Rowley, M Jordan and Corces, Victor G},
  journal={Current opinion in cell biology},
  volume={40},
  pages={8--14},
  year={2016},
  publisher={Elsevier}
}

@article{von2007tutorial,
  title={{A tutorial on spectral clustering}},
  author={Von Luxburg, Ulrike},
  journal={Statistics and computing},
  volume={17},
  number={4},
  pages={395--416},
  year={2007},
  publisher={Springer}
}

@article{filion2010systematic,
  title={{Systematic protein location mapping reveals five principal chromatin types in Drosophila cells}},
  author={Filion, Guillaume J and van Bemmel, Joke G and Braunschweig, Ulrich and Talhout, Wendy and Kind, Jop and Ward, Lucas D and Brugman, Wim and de Castro, In{\^e}s J and Kerkhoven, Ron M and Bussemaker, Harmen J and others},
  journal={Cell},
  volume={143},
  number={2},
  pages={212--224},
  year={2010},
  publisher={Elsevier}
}

@article{baum1966,
   ajournal = "Ann. Math. Statist.",
   author = "Baum, Leonard E. and Petrie, Ted",
   doi = "10.1214/aoms/1177699147",
   journal = "The Annals of Mathematical Statistics",
   month = "12",
   number = "6",
   pages = "1554--1563",
   publisher = "The Institute of Mathematical Statistics",
   title = {{Statistical Inference for Probabilistic Functions of Finite State Markov Chains}},
   url = "http://dx.doi.org/10.1214/aoms/1177699147",
   volume = "37",
   year = "1966"
}

@article{choi2014ctcf,
  title={{CTCF and ncRNA regulate the three-dimensional structure of antigen receptor loci to facilitate V (D) J recombination}},
  author={Choi, Nancy M and Feeney, Ann J},
  journal={Frontiers in immunology},
  volume={5},
  pages={49},
  year={2014},
  publisher={Frontiers}
}

@article{galupa2015x,
  title={{X-chromosome inactivation: new insights into cis and trans regulation}},
  author={Galupa, Rafael and Heard, Edith},
  journal={Current opinion in genetics \& development},
  volume={31},
  pages={57--66},
  year={2015},
  publisher={Elsevier}
}

@article{denker2016second,
  title={{The second decade of 3C technologies: detailed insights into nuclear organization}},
  author={Denker, Annette and de Laat, Wouter},
  journal={Genes \& development},
  volume={30},
  number={12},
  pages={1357--1382},
  year={2016},
  publisher={Cold Spring Harbor Lab}
}

@article{de2013topology,
  title={{Topology of mammalian developmental enhancers and their regulatory landscapes}},
  author={De Laat, Wouter and Duboule, Denis},
  journal={Nature},
  volume={502},
  number={7472},
  pages={499--506},
  year={2013},
  publisher={Nature Publishing Group}
}

@article{dekker2013exploring,
  title={{Exploring the three-dimensional organization of genomes: interpreting chromatin interaction data}},
  author={Dekker, Job and Marti-Renom, Marc A and Mirny, Leonid A},
  journal={Nature Reviews Genetics},
  volume={14},
  number={6},
  pages={390--403},
  year={2013},
  publisher={Nature Research}
}

@article{dekker2002capturing,
  title={{Capturing chromosome conformation}},
  author={Dekker, Job and Rippe, Karsten and Dekker, Martijn and Kleckner, Nancy},
  journal={science},
  volume={295},
  number={5558},
  pages={1306--1311},
  year={2002},
  publisher={American Association for the Advancement of Science}
}

@article{simonis2006nuclear,
  title={{Nuclear organization of active and inactive chromatin domains uncovered by chromosome conformation capture--on-chip (4C)}},
  author={Simonis, Marieke and Klous, Petra and Splinter, Erik and Moshkin, Yuri and Willemsen, Rob and De Wit, Elzo and Van Steensel, Bas and De Laat, Wouter},
  journal={Nature genetics},
  volume={38},
  number={11},
  pages={1348--1354},
  year={2006},
  publisher={Nature Publishing Group}
}

@article{dostie2006chromosome,
  title={{Chromosome Conformation Capture Carbon Copy (5C): a massively parallel solution for mapping interactions between genomic elements}},
  author={Dostie, Jos{\'e}e and Richmond, Todd A and Arnaout, Ramy A and Selzer, Rebecca R and Lee, William L and Honan, Tracey A and Rubio, Eric D and Krumm, Anton and Lamb, Justin and Nusbaum, Chad and others},
  journal={Genome research},
  volume={16},
  number={10},
  pages={1299--1309},
  year={2006},
  publisher={Cold Spring Harbor Lab}
}

@article{dekker20163d,
  title={{The 3D genome as moderator of chromosomal communication}},
  author={Dekker, Job and Mirny, Leonid},
  journal={Cell},
  volume={164},
  number={6},
  pages={1110--1121},
  year={2016},
  publisher={Elsevier}
}

@article{pezic2017more,
  title={{More to cohesin than meets the eye: complex diversity for fine-tuning of function}},
  author={Pezic, Dubravka and Weeks, Samuel L and Hadjur, Suzana},
  journal={Current Opinion in Genetics \& Development},
  volume={43},
  pages={93--100},
  year={2017},
  publisher={Elsevier}
}

@article{knight2013fast,
  title={A fast algorithm for matrix balancing},
  author={Knight, Philip A and Ruiz, Daniel},
  journal={IMA Journal of Numerical Analysis},
  volume={33},
  number={3},
  pages={1029--1047},
  year={2013},
  publisher={Oxford University Press}
}

@article{hughes2014analysis,
  title={Analysis of hundreds of cis-regulatory landscapes at high resolution in a single, high-throughput experiment},
  author={Hughes, Jim R and Roberts, Nigel and McGowan, Simon and Hay, Deborah and Giannoulatou, Eleni and Lynch, Magnus and De Gobbi, Marco and Taylor, Stephen and Gibbons, Richard and Higgs, Douglas R},
  journal={Nature genetics},
  volume={46},
  number={2},
  pages={205--212},
  year={2014},
  publisher={Nature Research}
}

@article{jager2015capture,
  title={Capture Hi-C identifies the chromatin interactome of colorectal cancer risk loci},
  author={J{\"a}ger, Roland and Migliorini, Gabriele and Henrion, Marc and Kandaswamy, Radhika and Speedy, Helen E and Heindl, Andreas and Whiffin, Nicola and Carnicer, Maria J and Broome, Laura and Dryden, Nicola and others},
  journal={Nature communications},
  volume={6},
  year={2015},
  publisher={Nature Publishing Group}
}

@article{carty2017integrated,
  title={An integrated model for detecting significant chromatin interactions from high-resolution Hi-C data},
  author={Carty, Mark and Zamparo, Lee and Sahin, Merve and Gonz{\'a}lez, Alvaro and Pelossof, Raphael and Elemento, Olivier and Leslie, Christina S},
  journal={Nature Communications},
  volume={8},
  year={2017},
  publisher={Nature Publishing Group}
}

@article{love2014moderated,
  title={Moderated estimation of fold change and dispersion for RNA-seq data with DESeq2},
  author={Love, Michael I and Huber, Wolfgang and Anders, Simon},
  journal={Genome biology},
  volume={15},
  number={12},
  pages={550},
  year={2014},
  publisher={BioMed Central}
}
